@inproceedings{yeager2015digits,
  title={DIGITS: the Deep learning GPU Training System},
  author={Yeager, Luke and Bernauer, Julie and Gray, Allison and Houston, Michael},
  booktitle={ICML 2015 AutoML Workshop},
  year={2015}
}


@inproceedings{szegedy2015going,
  title={Going deeper with convolutions},
  author={Szegedy, Christian and Liu, Wei and Jia, Yangqing and Sermanet, Pierre and Reed, Scott and Anguelov, Dragomir and Erhan, Dumitru and Vanhoucke, Vincent and Rabinovich, Andrew},
  booktitle={Proceedings of the IEEE conference on computer vision and pattern recognition},
  pages={1--9},
  year={2015}
}

@article{schmidhuber2015deep,
  title={Deep learning in neural networks: An overview},
  author={Schmidhuber, J{\"u}rgen},
  journal={Neural networks},
  volume={61},
  pages={85--117},
  year={2015},
  publisher={Elsevier}
}

@article{nasrabadi2007pattern,
  title={Pattern recognition and machine learning},
  author={Nasrabadi, Nasser M},
  journal={Journal of electronic imaging},
  volume={16},
  number={4},
  pages={049901},
  year={2007},
  publisher={International Society for Optics and Photonics}
}

@inproceedings{deng2009imagenet,
  title={Imagenet: A large-scale hierarchical image database},
  author={Deng, Jia and Dong, Wei and Socher, Richard and Li, Li-Jia and Li, Kai and Fei-Fei, Li},
  booktitle={Computer Vision and Pattern Recognition, 2009. CVPR 2009. IEEE Conference on},
  pages={248--255},
  year={2009},
  organization={Ieee}
}